<?xml version="1.0" encoding="utf-8" ?>
<gnc-v2
     xmlns:gnc="http://www.gnucash.org/XML/gnc"
     xmlns:act="http://www.gnucash.org/XML/act"
     xmlns:book="http://www.gnucash.org/XML/book"
     xmlns:cd="http://www.gnucash.org/XML/cd"
     xmlns:cmdty="http://www.gnucash.org/XML/cmdty"
     xmlns:price="http://www.gnucash.org/XML/price"
     xmlns:slot="http://www.gnucash.org/XML/slot"
     xmlns:split="http://www.gnucash.org/XML/split"
     xmlns:sx="http://www.gnucash.org/XML/sx"
     xmlns:trn="http://www.gnucash.org/XML/trn"
     xmlns:ts="http://www.gnucash.org/XML/ts"
     xmlns:fs="http://www.gnucash.org/XML/fs"
     xmlns:bgt="http://www.gnucash.org/XML/bgt"
     xmlns:recurrence="http://www.gnucash.org/XML/recurrence"
     xmlns:lot="http://www.gnucash.org/XML/lot"
     xmlns:cust="http://www.gnucash.org/XML/cust"
     xmlns:job="http://www.gnucash.org/XML/job"
     xmlns:addr="http://www.gnucash.org/XML/addr"
     xmlns:owner="http://www.gnucash.org/XML/owner"
     xmlns:taxtable="http://www.gnucash.org/XML/taxtable"
     xmlns:tte="http://www.gnucash.org/XML/tte"
     xmlns:employee="http://www.gnucash.org/XML/employee"
     xmlns:order="http://www.gnucash.org/XML/order"
     xmlns:billterm="http://www.gnucash.org/XML/billterm"
     xmlns:bt-days="http://www.gnucash.org/XML/bt-days"
     xmlns:bt-prox="http://www.gnucash.org/XML/bt-prox"
     xmlns:invoice="http://www.gnucash.org/XML/invoice"
     xmlns:entry="http://www.gnucash.org/XML/entry"
     xmlns:vendor="http://www.gnucash.org/XML/vendor">
<gnc:count-data cd:type="book">1</gnc:count-data>
<gnc:book version="2.0.0">
<book:id type="guid">73bb5e9acb6df2855ad14a415ef904d9</book:id>
<gnc:count-data cd:type="account">64</gnc:count-data>
<gnc:count-data cd:type="transaction">2</gnc:count-data>
<gnc:commodity version="2.0.0">
  <cmdty:space>ISO4217</cmdty:space>
  <cmdty:id>USD</cmdty:id>
  <cmdty:name>US Dollar</cmdty:name>
  <cmdty:xcode>840</cmdty:xcode>
  <cmdty:fraction>100</cmdty:fraction>
  <cmdty:get_quotes/>
  <cmdty:quote_source>currency</cmdty:quote_source>
  <cmdty:quote_tz/>
</gnc:commodity>
<gnc:account version="2.0.0">
  <act:name>Assets</act:name>
  <act:id type="guid">0739c8984c8d9a604cf8784907d5232d</act:id>
  <act:type>ASSET</act:type>
  <act:commodity>
    <cmdty:space>ISO4217</cmdty:space>
    <cmdty:id>USD</cmdty:id>
  </act:commodity>
  <act:commodity-scu>100</act:commodity-scu>
  <act:description>Assets</act:description>
  <act:slots>
    <slot>
      <slot:key>placeholder</slot:key>
      <slot:value type="string">true</slot:value>
    </slot>
  </act:slots>
</gnc:account>
<gnc:account version="2.0.0">
  <act:name>Current Assets</act:name>
  <act:id type="guid">4ea3a5e40576ba7602f49e9e53680851</act:id>
  <act:type>ASSET</act:type>
  <act:commodity>
    <cmdty:space>ISO4217</cmdty:space>
    <cmdty:id>USD</cmdty:id>
  </act:commodity>
  <act:commodity-scu>100</act:commodity-scu>
  <act:description>Current Assets</act:description>
  <act:slots>
    <slot>
      <slot:key>placeholder</slot:key>
      <slot:value type="string">true</slot:value>
    </slot>
  </act:slots>
  <act:parent type="guid">0739c8984c8d9a604cf8784907d5232d</act:parent>
</gnc:account>
<gnc:account version="2.0.0">
  <act:name>Checking Account</act:name>
  <act:id type="guid">4ca68ebf1faa2dff48690dfdb0fe3c06</act:id>
  <act:type>BANK</act:type>
  <act:commodity>
    <cmdty:space>ISO4217</cmdty:space>
    <cmdty:id>USD</cmdty:id>
  </act:commodity>
  <act:commodity-scu>100</act:commodity-scu>
  <act:description>Checking Account</act:description>
  <act:parent type="guid">4ea3a5e40576ba7602f49e9e53680851</act:parent>
</gnc:account>
<gnc:account version="2.0.0">
  <act:name>Savings Account</act:name>
  <act:id type="guid">d98430030021cf31463bde0574fc3f2c</act:id>
  <act:type>BANK</act:type>
  <act:commodity>
    <cmdty:space>ISO4217</cmdty:space>
    <cmdty:id>USD</cmdty:id>
  </act:commodity>
  <act:commodity-scu>100</act:commodity-scu>
  <act:description>Savings Account</act:description>
  <act:parent type="guid">4ea3a5e40576ba7602f49e9e53680851</act:parent>
</gnc:account>
<gnc:account version="2.0.0">
  <act:name>Cash in Wallet</act:name>
  <act:id type="guid">4c49b481451e5ac3e14882af8053fffd</act:id>
  <act:type>CASH</act:type>
  <act:commodity>
    <cmdty:space>ISO4217</cmdty:space>
    <cmdty:id>USD</cmdty:id>
  </act:commodity>
  <act:commodity-scu>100</act:commodity-scu>
  <act:description>Cash in Wallet</act:description>
  <act:parent type="guid">4ea3a5e40576ba7602f49e9e53680851</act:parent>
</gnc:account>
<gnc:account version="2.0.0">
  <act:name>Liabilities</act:name>
  <act:id type="guid">186a3b012dffb8111f06a0372fea1b44</act:id>
  <act:type>LIABILITY</act:type>
  <act:commodity>
    <cmdty:space>ISO4217</cmdty:space>
    <cmdty:id>USD</cmdty:id>
  </act:commodity>
  <act:commodity-scu>100</act:commodity-scu>
  <act:description>Liabilities</act:description>
  <act:slots>
    <slot>
      <slot:key>placeholder</slot:key>
      <slot:value type="string">true</slot:value>
    </slot>
  </act:slots>
</gnc:account>
<gnc:account version="2.0.0">
  <act:name>Credit Card</act:name>
  <act:id type="guid">60dc7bb1073308b193cdadbb110a2cdc</act:id>
  <act:type>CREDIT</act:type>
  <act:commodity>
    <cmdty:space>ISO4217</cmdty:space>
    <cmdty:id>USD</cmdty:id>
  </act:commodity>
  <act:commodity-scu>100</act:commodity-scu>
  <act:description>Credit Card</act:description>
  <act:parent type="guid">186a3b012dffb8111f06a0372fea1b44</act:parent>
</gnc:account>
<gnc:account version="2.0.0">
  <act:name>Income</act:name>
  <act:id type="guid">e37c9eecab09720f7e2ac08a09d563b6</act:id>
  <act:type>INCOME</act:type>
  <act:commodity>
    <cmdty:space>ISO4217</cmdty:space>
    <cmdty:id>USD</cmdty:id>
  </act:commodity>
  <act:commodity-scu>100</act:commodity-scu>
  <act:description>Income</act:description>
  <act:slots>
    <slot>
      <slot:key>placeholder</slot:key>
      <slot:value type="string">true</slot:value>
    </slot>
  </act:slots>
</gnc:account>
<gnc:account version="2.0.0">
  <act:name>Bonus</act:name>
  <act:id type="guid">f611235cb48e018aa387ebadf50e15d7</act:id>
  <act:type>INCOME</act:type>
  <act:commodity>
    <cmdty:space>ISO4217</cmdty:space>
    <cmdty:id>USD</cmdty:id>
  </act:commodity>
  <act:commodity-scu>100</act:commodity-scu>
  <act:description>Bonus</act:description>
  <act:parent type="guid">e37c9eecab09720f7e2ac08a09d563b6</act:parent>
</gnc:account>
<gnc:account version="2.0.0">
  <act:name>Gifts Received</act:name>
  <act:id type="guid">939b5aecdb4f402a2344baa0bf4a51ea</act:id>
  <act:type>INCOME</act:type>
  <act:commodity>
    <cmdty:space>ISO4217</cmdty:space>
    <cmdty:id>USD</cmdty:id>
  </act:commodity>
  <act:commodity-scu>100</act:commodity-scu>
  <act:description>Gifts Received</act:description>
  <act:parent type="guid">e37c9eecab09720f7e2ac08a09d563b6</act:parent>
</gnc:account>
<gnc:account version="2.0.0">
  <act:name>Interest Income</act:name>
  <act:id type="guid">f986ea616b7eddd6beac70f4180fe12f</act:id>
  <act:type>INCOME</act:type>
  <act:commodity>
    <cmdty:space>ISO4217</cmdty:space>
    <cmdty:id>USD</cmdty:id>
  </act:commodity>
  <act:commodity-scu>100</act:commodity-scu>
  <act:description>Interest Income</act:description>
  <act:parent type="guid">e37c9eecab09720f7e2ac08a09d563b6</act:parent>
</gnc:account>
<gnc:account version="2.0.0">
  <act:name>Checking Interest</act:name>
  <act:id type="guid">d6ab750d9489da798df43bcf83b77c49</act:id>
  <act:type>INCOME</act:type>
  <act:commodity>
    <cmdty:space>ISO4217</cmdty:space>
    <cmdty:id>USD</cmdty:id>
  </act:commodity>
  <act:commodity-scu>100</act:commodity-scu>
  <act:description>Checking Interest</act:description>
  <act:parent type="guid">f986ea616b7eddd6beac70f4180fe12f</act:parent>
</gnc:account>
<gnc:account version="2.0.0">
  <act:name>Other Interest</act:name>
  <act:id type="guid">6e09904d8449f28d960bc2e17786a6d5</act:id>
  <act:type>INCOME</act:type>
  <act:commodity>
    <cmdty:space>ISO4217</cmdty:space>
    <cmdty:id>USD</cmdty:id>
  </act:commodity>
  <act:commodity-scu>100</act:commodity-scu>
  <act:description>Other Interest</act:description>
  <act:parent type="guid">f986ea616b7eddd6beac70f4180fe12f</act:parent>
</gnc:account>
<gnc:account version="2.0.0">
  <act:name>Savings Interest</act:name>
  <act:id type="guid">83017c7bd2a7e998304410ddf14eca90</act:id>
  <act:type>INCOME</act:type>
  <act:commodity>
    <cmdty:space>ISO4217</cmdty:space>
    <cmdty:id>USD</cmdty:id>
  </act:commodity>
  <act:commodity-scu>100</act:commodity-scu>
  <act:description>Savings Interest</act:description>
  <act:parent type="guid">f986ea616b7eddd6beac70f4180fe12f</act:parent>
</gnc:account>
<gnc:account version="2.0.0">
  <act:name>Other Income</act:name>
  <act:id type="guid">e82a5705d79604b7c7082f3699200724</act:id>
  <act:type>INCOME</act:type>
  <act:commodity>
    <cmdty:space>ISO4217</cmdty:space>
    <cmdty:id>USD</cmdty:id>
  </act:commodity>
  <act:commodity-scu>100</act:commodity-scu>
  <act:description>Other Income</act:description>
  <act:parent type="guid">e37c9eecab09720f7e2ac08a09d563b6</act:parent>
</gnc:account>
<gnc:account version="2.0.0">
  <act:name>Salary</act:name>
  <act:id type="guid">8e6ac7f38fe80ea0ff002b3454d942ed</act:id>
  <act:type>INCOME</act:type>
  <act:commodity>
    <cmdty:space>ISO4217</cmdty:space>
    <cmdty:id>USD</cmdty:id>
  </act:commodity>
  <act:commodity-scu>100</act:commodity-scu>
  <act:description>Salary</act:description>
  <act:parent type="guid">e37c9eecab09720f7e2ac08a09d563b6</act:parent>
</gnc:account>
<gnc:account version="2.0.0">
  <act:name>Expenses</act:name>
  <act:id type="guid">5faf79a12112190e98d6f25bb5c58d83</act:id>
  <act:type>EXPENSE</act:type>
  <act:commodity>
    <cmdty:space>ISO4217</cmdty:space>
    <cmdty:id>USD</cmdty:id>
  </act:commodity>
  <act:commodity-scu>100</act:commodity-scu>
  <act:description>Expenses</act:description>
  <act:slots>
    <slot>
      <slot:key>placeholder</slot:key>
      <slot:value type="string">true</slot:value>
    </slot>
  </act:slots>
</gnc:account>
<gnc:account version="2.0.0">
  <act:name>Adjustment</act:name>
  <act:id type="guid">9ae4a9647a0fa4883d7fd218a584ff60</act:id>
  <act:type>EXPENSE</act:type>
  <act:commodity>
    <cmdty:space>ISO4217</cmdty:space>
    <cmdty:id>USD</cmdty:id>
  </act:commodity>
  <act:commodity-scu>100</act:commodity-scu>
  <act:description>Adjustment</act:description>
  <act:parent type="guid">5faf79a12112190e98d6f25bb5c58d83</act:parent>
</gnc:account>
<gnc:account version="2.0.0">
  <act:name>Auto</act:name>
  <act:id type="guid">3c9a7ddd0ab024967992e854318e9e6b</act:id>
  <act:type>EXPENSE</act:type>
  <act:commodity>
    <cmdty:space>ISO4217</cmdty:space>
    <cmdty:id>USD</cmdty:id>
  </act:commodity>
  <act:commodity-scu>100</act:commodity-scu>
  <act:description>Auto</act:description>
  <act:parent type="guid">5faf79a12112190e98d6f25bb5c58d83</act:parent>
</gnc:account>
<gnc:account version="2.0.0">
  <act:name>Fees</act:name>
  <act:id type="guid">8401c35e0cf2568203e7af1dc393ef2d</act:id>
  <act:type>EXPENSE</act:type>
  <act:commodity>
    <cmdty:space>ISO4217</cmdty:space>
    <cmdty:id>USD</cmdty:id>
  </act:commodity>
  <act:commodity-scu>100</act:commodity-scu>
  <act:description>Fees</act:description>
  <act:parent type="guid">3c9a7ddd0ab024967992e854318e9e6b</act:parent>
</gnc:account>
<gnc:account version="2.0.0">
  <act:name>Gas</act:name>
  <act:id type="guid">8eeb68e3664cd7b0f4f6de8161f65d9b</act:id>
  <act:type>EXPENSE</act:type>
  <act:commodity>
    <cmdty:space>ISO4217</cmdty:space>
    <cmdty:id>USD</cmdty:id>
  </act:commodity>
  <act:commodity-scu>100</act:commodity-scu>
  <act:description>Gas</act:description>
  <act:parent type="guid">3c9a7ddd0ab024967992e854318e9e6b</act:parent>
</gnc:account>
<gnc:account version="2.0.0">
  <act:name>Parking</act:name>
  <act:id type="guid">397ae03ac70450438ed659927ad51af0</act:id>
  <act:type>EXPENSE</act:type>
  <act:commodity>
    <cmdty:space>ISO4217</cmdty:space>
    <cmdty:id>USD</cmdty:id>
  </act:commodity>
  <act:commodity-scu>100</act:commodity-scu>
  <act:description>Parking</act:description>
  <act:parent type="guid">3c9a7ddd0ab024967992e854318e9e6b</act:parent>
</gnc:account>
<gnc:account version="2.0.0">
  <act:name>Repair and Maintenance</act:name>
  <act:id type="guid">adc19a673fca8679fdf56d2624767752</act:id>
  <act:type>EXPENSE</act:type>
  <act:commodity>
    <cmdty:space>ISO4217</cmdty:space>
    <cmdty:id>USD</cmdty:id>
  </act:commodity>
  <act:commodity-scu>100</act:commodity-scu>
  <act:description>Repair and Maintenance</act:description>
  <act:parent type="guid">3c9a7ddd0ab024967992e854318e9e6b</act:parent>
</gnc:account>
<gnc:account version="2.0.0">
  <act:name>Bank Service Charge</act:name>
  <act:id type="guid">bd8865c825532e425d1d89aa1be70beb</act:id>
  <act:type>EXPENSE</act:type>
  <act:commodity>
    <cmdty:space>ISO4217</cmdty:space>
    <cmdty:id>USD</cmdty:id>
  </act:commodity>
  <act:commodity-scu>100</act:commodity-scu>
  <act:description>Bank Service Charge</act:description>
  <act:parent type="guid">5faf79a12112190e98d6f25bb5c58d83</act:parent>
</gnc:account>
<gnc:account version="2.0.0">
  <act:name>Books</act:name>
  <act:id type="guid">8e7e38dc5ec557edbe8566e12c0b1641</act:id>
  <act:type>EXPENSE</act:type>
  <act:commodity>
    <cmdty:space>ISO4217</cmdty:space>
    <cmdty:id>USD</cmdty:id>
  </act:commodity>
  <act:commodity-scu>100</act:commodity-scu>
  <act:description>Books</act:description>
  <act:parent type="guid">5faf79a12112190e98d6f25bb5c58d83</act:parent>
</gnc:account>
<gnc:account version="2.0.0">
  <act:name>Cable</act:name>
  <act:id type="guid">88fbbf9cfb966dbe5f1ee749fbddafbc</act:id>
  <act:type>EXPENSE</act:type>
  <act:commodity>
    <cmdty:space>ISO4217</cmdty:space>
    <cmdty:id>USD</cmdty:id>
  </act:commodity>
  <act:commodity-scu>100</act:commodity-scu>
  <act:description>Cable</act:description>
  <act:parent type="guid">5faf79a12112190e98d6f25bb5c58d83</act:parent>
</gnc:account>
<gnc:account version="2.0.0">
  <act:name>Charity</act:name>
  <act:id type="guid">436e9878549b55a281c3c9834d38bea0</act:id>
  <act:type>EXPENSE</act:type>
  <act:commodity>
    <cmdty:space>ISO4217</cmdty:space>
    <cmdty:id>USD</cmdty:id>
  </act:commodity>
  <act:commodity-scu>100</act:commodity-scu>
  <act:description>Charity</act:description>
  <act:parent type="guid">5faf79a12112190e98d6f25bb5c58d83</act:parent>
</gnc:account>
<gnc:account version="2.0.0">
  <act:name>Clothes</act:name>
  <act:id type="guid">0cbe89aea66edc2f8ab53d2c68390bde</act:id>
  <act:type>EXPENSE</act:type>
  <act:commodity>
    <cmdty:space>ISO4217</cmdty:space>
    <cmdty:id>USD</cmdty:id>
  </act:commodity>
  <act:commodity-scu>100</act:commodity-scu>
  <act:description>Clothes</act:description>
  <act:parent type="guid">5faf79a12112190e98d6f25bb5c58d83</act:parent>
</gnc:account>
<gnc:account version="2.0.0">
  <act:name>Computer</act:name>
  <act:id type="guid">c22f089c804d29d36de13a1d7168b79c</act:id>
  <act:type>EXPENSE</act:type>
  <act:commodity>
    <cmdty:space>ISO4217</cmdty:space>
    <cmdty:id>USD</cmdty:id>
  </act:commodity>
  <act:commodity-scu>100</act:commodity-scu>
  <act:description>Computer</act:description>
  <act:parent type="guid">5faf79a12112190e98d6f25bb5c58d83</act:parent>
</gnc:account>
<gnc:account version="2.0.0">
  <act:name>Dining</act:name>
  <act:id type="guid">aa6efde0b34171f06436db02b0af7110</act:id>
  <act:type>EXPENSE</act:type>
  <act:commodity>
    <cmdty:space>ISO4217</cmdty:space>
    <cmdty:id>USD</cmdty:id>
  </act:commodity>
  <act:commodity-scu>100</act:commodity-scu>
  <act:description>Dining</act:description>
  <act:parent type="guid">5faf79a12112190e98d6f25bb5c58d83</act:parent>
</gnc:account>
<gnc:account version="2.0.0">
  <act:name>Education</act:name>
  <act:id type="guid">1bf0504a2da24490537265cbe563658a</act:id>
  <act:type>EXPENSE</act:type>
  <act:commodity>
    <cmdty:space>ISO4217</cmdty:space>
    <cmdty:id>USD</cmdty:id>
  </act:commodity>
  <act:commodity-scu>100</act:commodity-scu>
  <act:description>Education</act:description>
  <act:parent type="guid">5faf79a12112190e98d6f25bb5c58d83</act:parent>
</gnc:account>
<gnc:account version="2.0.0">
  <act:name>Entertainment</act:name>
  <act:id type="guid">1d53c7517fe7507f11a61074bb1b669d</act:id>
  <act:type>EXPENSE</act:type>
  <act:commodity>
    <cmdty:space>ISO4217</cmdty:space>
    <cmdty:id>USD</cmdty:id>
  </act:commodity>
  <act:commodity-scu>100</act:commodity-scu>
  <act:description>Entertainment</act:description>
  <act:parent type="guid">5faf79a12112190e98d6f25bb5c58d83</act:parent>
</gnc:account>
<gnc:account version="2.0.0">
  <act:name>Music/Movies</act:name>
  <act:id type="guid">b84095ba56efeb70359a73f394b15909</act:id>
  <act:type>EXPENSE</act:type>
  <act:commodity>
    <cmdty:space>ISO4217</cmdty:space>
    <cmdty:id>USD</cmdty:id>
  </act:commodity>
  <act:commodity-scu>100</act:commodity-scu>
  <act:description>Music/Movies</act:description>
  <act:parent type="guid">1d53c7517fe7507f11a61074bb1b669d</act:parent>
</gnc:account>
<gnc:account version="2.0.0">
  <act:name>Recreation</act:name>
  <act:id type="guid">c9e2bac3ebbd2b1473b559c1ab461517</act:id>
  <act:type>EXPENSE</act:type>
  <act:commodity>
    <cmdty:space>ISO4217</cmdty:space>
    <cmdty:id>USD</cmdty:id>
  </act:commodity>
  <act:commodity-scu>100</act:commodity-scu>
  <act:description>Recreation</act:description>
  <act:parent type="guid">1d53c7517fe7507f11a61074bb1b669d</act:parent>
</gnc:account>
<gnc:account version="2.0.0">
  <act:name>Travel</act:name>
  <act:id type="guid">0b2952548d89dd5a4d749aa5765adc11</act:id>
  <act:type>EXPENSE</act:type>
  <act:commodity>
    <cmdty:space>ISO4217</cmdty:space>
    <cmdty:id>USD</cmdty:id>
  </act:commodity>
  <act:commodity-scu>100</act:commodity-scu>
  <act:description>Travel</act:description>
  <act:parent type="guid">1d53c7517fe7507f11a61074bb1b669d</act:parent>
</gnc:account>
<gnc:account version="2.0.0">
  <act:name>Gifts</act:name>
  <act:id type="guid">2421ed25151d4a1090fa010130d1ff96</act:id>
  <act:type>EXPENSE</act:type>
  <act:commodity>
    <cmdty:space>ISO4217</cmdty:space>
    <cmdty:id>USD</cmdty:id>
  </act:commodity>
  <act:commodity-scu>100</act:commodity-scu>
  <act:description>Gifts</act:description>
  <act:parent type="guid">5faf79a12112190e98d6f25bb5c58d83</act:parent>
</gnc:account>
<gnc:account version="2.0.0">
  <act:name>Groceries</act:name>
  <act:id type="guid">6767f8ca4a797da66476efa7a995e1b5</act:id>
  <act:type>EXPENSE</act:type>
  <act:commodity>
    <cmdty:space>ISO4217</cmdty:space>
    <cmdty:id>USD</cmdty:id>
  </act:commodity>
  <act:commodity-scu>100</act:commodity-scu>
  <act:description>Groceries</act:description>
  <act:parent type="guid">5faf79a12112190e98d6f25bb5c58d83</act:parent>
</gnc:account>
<gnc:account version="2.0.0">
  <act:name>Hobbies</act:name>
  <act:id type="guid">0b0af01175a550b05e03043d6591a3e6</act:id>
  <act:type>EXPENSE</act:type>
  <act:commodity>
    <cmdty:space>ISO4217</cmdty:space>
    <cmdty:id>USD</cmdty:id>
  </act:commodity>
  <act:commodity-scu>100</act:commodity-scu>
  <act:description>Hobbies</act:description>
  <act:parent type="guid">5faf79a12112190e98d6f25bb5c58d83</act:parent>
</gnc:account>
<gnc:account version="2.0.0">
  <act:name>Insurance</act:name>
  <act:id type="guid">06c3314f3634c39c1f0692ca93f13bcd</act:id>
  <act:type>EXPENSE</act:type>
  <act:commodity>
    <cmdty:space>ISO4217</cmdty:space>
    <cmdty:id>USD</cmdty:id>
  </act:commodity>
  <act:commodity-scu>100</act:commodity-scu>
  <act:description>Insurance</act:description>
  <act:parent type="guid">5faf79a12112190e98d6f25bb5c58d83</act:parent>
</gnc:account>
<gnc:account version="2.0.0">
  <act:name>Auto Insurance</act:name>
  <act:id type="guid">3acbe30397b54f55cb9d416d2670a5c8</act:id>
  <act:type>EXPENSE</act:type>
  <act:commodity>
    <cmdty:space>ISO4217</cmdty:space>
    <cmdty:id>USD</cmdty:id>
  </act:commodity>
  <act:commodity-scu>100</act:commodity-scu>
  <act:description>Auto Insurance</act:description>
  <act:parent type="guid">06c3314f3634c39c1f0692ca93f13bcd</act:parent>
</gnc:account>
<gnc:account version="2.0.0">
  <act:name>Health Insurance</act:name>
  <act:id type="guid">b325a2b449fcc8e5dc20b14c2c41ef21</act:id>
  <act:type>EXPENSE</act:type>
  <act:commodity>
    <cmdty:space>ISO4217</cmdty:space>
    <cmdty:id>USD</cmdty:id>
  </act:commodity>
  <act:commodity-scu>100</act:commodity-scu>
  <act:description>Health Insurance</act:description>
  <act:parent type="guid">06c3314f3634c39c1f0692ca93f13bcd</act:parent>
</gnc:account>
<gnc:account version="2.0.0">
  <act:name>Life Insurance</act:name>
  <act:id type="guid">0dcc97893c7dc99431eb364db76d262c</act:id>
  <act:type>EXPENSE</act:type>
  <act:commodity>
    <cmdty:space>ISO4217</cmdty:space>
    <cmdty:id>USD</cmdty:id>
  </act:commodity>
  <act:commodity-scu>100</act:commodity-scu>
  <act:description>Life Insurance</act:description>
  <act:parent type="guid">06c3314f3634c39c1f0692ca93f13bcd</act:parent>
</gnc:account>
<gnc:account version="2.0.0">
  <act:name>Laundry/Dry Cleaning</act:name>
  <act:id type="guid">4af183fc2415b0e933f5cbd761a00368</act:id>
  <act:type>EXPENSE</act:type>
  <act:commodity>
    <cmdty:space>ISO4217</cmdty:space>
    <cmdty:id>USD</cmdty:id>
  </act:commodity>
  <act:commodity-scu>100</act:commodity-scu>
  <act:description>Laundry/Dry Cleaning</act:description>
  <act:parent type="guid">5faf79a12112190e98d6f25bb5c58d83</act:parent>
</gnc:account>
<gnc:account version="2.0.0">
  <act:name>Medical Expenses</act:name>
  <act:id type="guid">409136b63f20903408c939b83451bdb6</act:id>
  <act:type>EXPENSE</act:type>
  <act:commodity>
    <cmdty:space>ISO4217</cmdty:space>
    <cmdty:id>USD</cmdty:id>
  </act:commodity>
  <act:commodity-scu>100</act:commodity-scu>
  <act:description>Medical Expenses</act:description>
  <act:parent type="guid">5faf79a12112190e98d6f25bb5c58d83</act:parent>
</gnc:account>
<gnc:account version="2.0.0">
  <act:name>Miscellaneous</act:name>
  <act:id type="guid">910d5c37b4a39073544ae544650b637f</act:id>
  <act:type>EXPENSE</act:type>
  <act:commodity>
    <cmdty:space>ISO4217</cmdty:space>
    <cmdty:id>USD</cmdty:id>
  </act:commodity>
  <act:commodity-scu>100</act:commodity-scu>
  <act:description>Miscellaneous</act:description>
  <act:parent type="guid">5faf79a12112190e98d6f25bb5c58d83</act:parent>
</gnc:account>
<gnc:account version="2.0.0">
  <act:name>Online Services</act:name>
  <act:id type="guid">d2ce8eb4fbdb8238c9afcaefdbec7bf8</act:id>
  <act:type>EXPENSE</act:type>
  <act:commodity>
    <cmdty:space>ISO4217</cmdty:space>
    <cmdty:id>USD</cmdty:id>
  </act:commodity>
  <act:commodity-scu>100</act:commodity-scu>
  <act:description>Online Services</act:description>
  <act:parent type="guid">5faf79a12112190e98d6f25bb5c58d83</act:parent>
</gnc:account>
<gnc:account version="2.0.0">
  <act:name>Phone</act:name>
  <act:id type="guid">d0a0a4f95651a664122febbb6e685913</act:id>
  <act:type>EXPENSE</act:type>
  <act:commodity>
    <cmdty:space>ISO4217</cmdty:space>
    <cmdty:id>USD</cmdty:id>
  </act:commodity>
  <act:commodity-scu>100</act:commodity-scu>
  <act:description>Phone</act:description>
  <act:parent type="guid">5faf79a12112190e98d6f25bb5c58d83</act:parent>
</gnc:account>
<gnc:account version="2.0.0">
  <act:name>Public Transportation</act:name>
  <act:id type="guid">359fbffdc5d1d492effe09ba740b6259</act:id>
  <act:type>EXPENSE</act:type>
  <act:commodity>
    <cmdty:space>ISO4217</cmdty:space>
    <cmdty:id>USD</cmdty:id>
  </act:commodity>
  <act:commodity-scu>100</act:commodity-scu>
  <act:description>Public Transportation</act:description>
  <act:parent type="guid">5faf79a12112190e98d6f25bb5c58d83</act:parent>
</gnc:account>
<gnc:account version="2.0.0">
  <act:name>Subscriptions</act:name>
  <act:id type="guid">e57ee44da703b49f116bfed23d43f25e</act:id>
  <act:type>EXPENSE</act:type>
  <act:commodity>
    <cmdty:space>ISO4217</cmdty:space>
    <cmdty:id>USD</cmdty:id>
  </act:commodity>
  <act:commodity-scu>100</act:commodity-scu>
  <act:description>Subscriptions</act:description>
  <act:parent type="guid">5faf79a12112190e98d6f25bb5c58d83</act:parent>
</gnc:account>
<gnc:account version="2.0.0">
  <act:name>Supplies</act:name>
  <act:id type="guid">cd2d1dbcf04a3ac4a0c6ed4588f38ac8</act:id>
  <act:type>EXPENSE</act:type>
  <act:commodity>
    <cmdty:space>ISO4217</cmdty:space>
    <cmdty:id>USD</cmdty:id>
  </act:commodity>
  <act:commodity-scu>100</act:commodity-scu>
  <act:description>Supplies</act:description>
  <act:parent type="guid">5faf79a12112190e98d6f25bb5c58d83</act:parent>
</gnc:account>
<gnc:account version="2.0.0">
  <act:name>Taxes</act:name>
  <act:id type="guid">395449e03dcacf77c83b46e86fcbdcd6</act:id>
  <act:type>EXPENSE</act:type>
  <act:commodity>
    <cmdty:space>ISO4217</cmdty:space>
    <cmdty:id>USD</cmdty:id>
  </act:commodity>
  <act:commodity-scu>100</act:commodity-scu>
  <act:description>Taxes</act:description>
  <act:parent type="guid">5faf79a12112190e98d6f25bb5c58d83</act:parent>
</gnc:account>
<gnc:account version="2.0.0">
  <act:name>Federal</act:name>
  <act:id type="guid">88e6f6931f10c3e9fc532606fc823f84</act:id>
  <act:type>EXPENSE</act:type>
  <act:commodity>
    <cmdty:space>ISO4217</cmdty:space>
    <cmdty:id>USD</cmdty:id>
  </act:commodity>
  <act:commodity-scu>100</act:commodity-scu>
  <act:description>Federal</act:description>
  <act:parent type="guid">395449e03dcacf77c83b46e86fcbdcd6</act:parent>
</gnc:account>
<gnc:account version="2.0.0">
  <act:name>Medicare</act:name>
  <act:id type="guid">b2763b5bd3ae33d3d72a2fa939af967b</act:id>
  <act:type>EXPENSE</act:type>
  <act:commodity>
    <cmdty:space>ISO4217</cmdty:space>
    <cmdty:id>USD</cmdty:id>
  </act:commodity>
  <act:commodity-scu>100</act:commodity-scu>
  <act:description>Medicare</act:description>
  <act:parent type="guid">395449e03dcacf77c83b46e86fcbdcd6</act:parent>
</gnc:account>
<gnc:account version="2.0.0">
  <act:name>Other Tax</act:name>
  <act:id type="guid">45e4552a2b3e312a64c1917b166d71e7</act:id>
  <act:type>EXPENSE</act:type>
  <act:commodity>
    <cmdty:space>ISO4217</cmdty:space>
    <cmdty:id>USD</cmdty:id>
  </act:commodity>
  <act:commodity-scu>100</act:commodity-scu>
  <act:description>Other Tax</act:description>
  <act:parent type="guid">395449e03dcacf77c83b46e86fcbdcd6</act:parent>
</gnc:account>
<gnc:account version="2.0.0">
  <act:name>Social Security</act:name>
  <act:id type="guid">13dafbd329d00c91b16162703fe4ad99</act:id>
  <act:type>EXPENSE</act:type>
  <act:commodity>
    <cmdty:space>ISO4217</cmdty:space>
    <cmdty:id>USD</cmdty:id>
  </act:commodity>
  <act:commodity-scu>100</act:commodity-scu>
  <act:description>Social Security</act:description>
  <act:parent type="guid">395449e03dcacf77c83b46e86fcbdcd6</act:parent>
</gnc:account>
<gnc:account version="2.0.0">
  <act:name>State/Province</act:name>
  <act:id type="guid">0a569e637e9db5d57d8e8dd0addc361b</act:id>
  <act:type>EXPENSE</act:type>
  <act:commodity>
    <cmdty:space>ISO4217</cmdty:space>
    <cmdty:id>USD</cmdty:id>
  </act:commodity>
  <act:commodity-scu>100</act:commodity-scu>
  <act:description>State/Province</act:description>
  <act:parent type="guid">395449e03dcacf77c83b46e86fcbdcd6</act:parent>
</gnc:account>
<gnc:account version="2.0.0">
  <act:name>Utilities</act:name>
  <act:id type="guid">df308c1d759860ec1f0238762fc128a8</act:id>
  <act:type>EXPENSE</act:type>
  <act:commodity>
    <cmdty:space>ISO4217</cmdty:space>
    <cmdty:id>USD</cmdty:id>
  </act:commodity>
  <act:commodity-scu>100</act:commodity-scu>
  <act:description>Utilities</act:description>
  <act:parent type="guid">5faf79a12112190e98d6f25bb5c58d83</act:parent>
</gnc:account>
<gnc:account version="2.0.0">
  <act:name>Electric</act:name>
  <act:id type="guid">33bfd9f3100a65297c0c0d2e4ddf80fc</act:id>
  <act:type>EXPENSE</act:type>
  <act:commodity>
    <cmdty:space>ISO4217</cmdty:space>
    <cmdty:id>USD</cmdty:id>
  </act:commodity>
  <act:commodity-scu>100</act:commodity-scu>
  <act:description>Electric</act:description>
  <act:parent type="guid">df308c1d759860ec1f0238762fc128a8</act:parent>
</gnc:account>
<gnc:account version="2.0.0">
  <act:name>Garbage collection</act:name>
  <act:id type="guid">c7f57683072fef5a4fcc5fe8cd850bc4</act:id>
  <act:type>EXPENSE</act:type>
  <act:commodity>
    <cmdty:space>ISO4217</cmdty:space>
    <cmdty:id>USD</cmdty:id>
  </act:commodity>
  <act:commodity-scu>100</act:commodity-scu>
  <act:description>Garbage collection</act:description>
  <act:parent type="guid">df308c1d759860ec1f0238762fc128a8</act:parent>
</gnc:account>
<gnc:account version="2.0.0">
  <act:name>Gas</act:name>
  <act:id type="guid">1cda363047920d70617d2fa86fef21d2</act:id>
  <act:type>EXPENSE</act:type>
  <act:commodity>
    <cmdty:space>ISO4217</cmdty:space>
    <cmdty:id>USD</cmdty:id>
  </act:commodity>
  <act:commodity-scu>100</act:commodity-scu>
  <act:description>Gas</act:description>
  <act:parent type="guid">df308c1d759860ec1f0238762fc128a8</act:parent>
</gnc:account>
<gnc:account version="2.0.0">
  <act:name>Water</act:name>
  <act:id type="guid">92348ac192123aa94fd686389310b417</act:id>
  <act:type>EXPENSE</act:type>
  <act:commodity>
    <cmdty:space>ISO4217</cmdty:space>
    <cmdty:id>USD</cmdty:id>
  </act:commodity>
  <act:commodity-scu>100</act:commodity-scu>
  <act:description>Water</act:description>
  <act:parent type="guid">df308c1d759860ec1f0238762fc128a8</act:parent>
</gnc:account>
<gnc:account version="2.0.0">
  <act:name>Equity</act:name>
  <act:id type="guid">e9cd3b7ff158df268591b1b11cb46244</act:id>
  <act:type>EQUITY</act:type>
  <act:commodity>
    <cmdty:space>ISO4217</cmdty:space>
    <cmdty:id>USD</cmdty:id>
  </act:commodity>
  <act:commodity-scu>100</act:commodity-scu>
  <act:description>Equity</act:description>
  <act:slots>
    <slot>
      <slot:key>placeholder</slot:key>
      <slot:value type="string">true</slot:value>
    </slot>
  </act:slots>
</gnc:account>
<gnc:account version="2.0.0">
  <act:name>Opening Balances</act:name>
  <act:id type="guid">9664c37fe7ead82287f1e918837ee0f0</act:id>
  <act:type>EQUITY</act:type>
  <act:commodity>
    <cmdty:space>ISO4217</cmdty:space>
    <cmdty:id>USD</cmdty:id>
  </act:commodity>
  <act:commodity-scu>100</act:commodity-scu>
  <act:description>Opening Balances</act:description>
  <act:parent type="guid">e9cd3b7ff158df268591b1b11cb46244</act:parent>
</gnc:account>
<gnc:transaction version="2.0.0">
  <trn:id type="guid">6a2eb8836b4495db736d0ddc9d3d64d4</trn:id>
  <trn:currency>
    <cmdty:space>ISO4217</cmdty:space>
    <cmdty:id>USD</cmdty:id>
  </trn:currency>
  <trn:date-posted>
    <ts:date>2006-07-29 00:00:00 -0500</ts:date>
  </trn:date-posted>
  <trn:date-entered>
    <ts:date>2006-07-28 22:18:06 -0500</ts:date>
  </trn:date-entered>
  <trn:description>transaction</trn:description>
  <trn:splits>
    <trn:split>
      <split:id type="guid">35d4e5888972a0477de5854f10819247</split:id>
      <split:reconciled-state>n</split:reconciled-state>
      <split:value>25000/100</split:value>
      <split:quantity>25000/100</split:quantity>
      <split:account type="guid">4ca68ebf1faa2dff48690dfdb0fe3c06</split:account>
    </trn:split>
    <trn:split>
      <split:id type="guid">af4efb9306ede499387aaad47405b556</split:id>
      <split:reconciled-state>n</split:reconciled-state>
      <split:value>-25000/100</split:value>
      <split:quantity>-25000/100</split:quantity>
      <split:account type="guid">4c49b481451e5ac3e14882af8053fffd</split:account>
    </trn:split>
  </trn:splits>
</gnc:transaction>
<gnc:transaction version="2.0.0">
  <trn:id type="guid">5eed80e716398d839ab58d47aa2e2939</trn:id>
  <trn:currency>
    <cmdty:space>ISO4217</cmdty:space>
    <cmdty:id>USD</cmdty:id>
  </trn:currency>
  <trn:date-posted>
    <ts:date>2006-07-28 00:00:00 -0500</ts:date>
  </trn:date-posted>
  <trn:date-entered>
    <ts:date>2006-07-28 22:17:39 -0500</ts:date>
  </trn:date-entered>
  <trn:description>opening balance</trn:description>
  <trn:splits>
    <trn:split>
      <split:id type="guid">9e13d3013f49da698a791279cf874c20</split:id>
      <split:reconciled-state>n</split:reconciled-state>
      <split:value>30000/100</split:value>
      <split:quantity>30000/100</split:quantity>
      <split:account type="guid">4c49b481451e5ac3e14882af8053fffd</split:account>
    </trn:split>
    <trn:split>
      <split:id type="guid">2b0b9e0f6cb87fe58abba15534a36a32</split:id>
      <split:reconciled-state>n</split:reconciled-state>
      <split:value>-30000/100</split:value>
      <split:quantity>-30000/100</split:quantity>
      <split:account type="guid">9664c37fe7ead82287f1e918837ee0f0</split:account>
    </trn:split>
  </trn:splits>
</gnc:transaction>
</gnc:book>
</gnc-v2>

<!-- Local variables: -->
<!-- mode: xml        -->
<!-- End:             -->
